%YAML 1.1
%TAG !u! tag:unity3d.com,2011:
--- !u!1 &1098895185834854
GameObject:
  m_ObjectHideFlags: 0
  m_CorrespondingSourceObject: {fileID: 0}
  m_PrefabInstance: {fileID: 0}
  m_PrefabAsset: {fileID: 0}
  serializedVersion: 6
  m_Component:
  - component: {fileID: 4316939542135568}
  - component: {fileID: 114196373001028330}
  m_Layer: 12
  m_Name: AVPro Video Media Player
  m_TagString: Untagged
  m_Icon: {fileID: 0}
  m_NavMeshLayer: 0
  m_StaticEditorFlags: 0
  m_IsActive: 1
--- !u!4 &4316939542135568
Transform:
  m_ObjectHideFlags: 0
  m_CorrespondingSourceObject: {fileID: 0}
  m_PrefabInstance: {fileID: 0}
  m_PrefabAsset: {fileID: 0}
  m_GameObject: {fileID: 1098895185834854}
  m_LocalRotation: {x: 0, y: 0, z: 0, w: 1}
  m_LocalPosition: {x: 0, y: 0, z: 0}
  m_LocalScale: {x: 1, y: 1, z: 1}
  m_Children: []
  m_Father: {fileID: 4279455513129378}
  m_RootOrder: 1
  m_LocalEulerAnglesHint: {x: 0, y: 0, z: 0}
--- !u!114 &114196373001028330
MonoBehaviour:
  m_ObjectHideFlags: 0
  m_CorrespondingSourceObject: {fileID: 0}
  m_PrefabInstance: {fileID: 0}
  m_PrefabAsset: {fileID: 0}
  m_GameObject: {fileID: 1098895185834854}
  m_Enabled: 1
  m_EditorHideFlags: 0
  m_Script: {fileID: 11500000, guid: 638c870cac4da414fba921606d504407, type: 3}
  m_Name: 
  m_EditorClassIdentifier: 
  m_VideoLocation: 2
  m_VideoPath: 
  m_AutoOpen: 0
  m_AutoStart: 0
  m_Loop: 0
  m_Volume: 1
  m_Balance: 0
  m_Muted: 0
  m_PlaybackRate: 1
  m_Resample: 0
  m_ResampleMode: 0
  m_ResampleBufferSize: 5
  m_Persistent: 0
  m_videoMapping: 0
  m_StereoPacking: 0
  m_AlphaPacking: 0
  m_DisplayDebugStereoColorTint: 0
  m_FilterMode: 1
  m_WrapMode: 1
  m_AnisoLevel: 0
  m_LoadSubtitles: 0
  m_SubtitleLocation: 2
  m_SubtitlePath: 
  m_AudioHeadTransform: {fileID: 0}
  m_AudioFocusEnabled: 0
  m_AudioFocusTransform: {fileID: 0}
  m_AudioFocusWidthDegrees: 90
  m_AudioFocusOffLevelDB: 0
  m_events:
    m_PersistentCalls:
      m_Calls: []
  m_eventMask: -1
  m_forceFileFormat: 0
  _pauseMediaOnAppPause: 1
  _playMediaOnAppUnpause: 1
  m_sourceSampleRate: 0
  m_sourceChannels: 0
  m_manuallySetAudioSourceProperties: 0
  _optionsWindows:
    overridePath: 0
    pathLocation: 2
    path: 
    videoApi: 0
    useHardwareDecoding: 1
    useUnityAudio: 0
    forceAudioResample: 1
    useTextureMips: 0
    hintAlphaChannel: 0
    forceAudioOutputDeviceName: 
    preferredFilters: []
    enableAudio360: 0
    audio360ChannelMode: 0
  _optionsMacOSX:
    overridePath: 0
    pathLocation: 2
    path: 
    audioMode: 0
    httpHeaders: []
    httpHeaderJson: 
    keyServerURLOverride: 
    keyServerAuthToken: 
    base64EncodedKeyBlob: 
  _optionsIOS:
    overridePath: 0
    pathLocation: 2
    path: 
    audioMode: 0
    httpHeaders: []
    httpHeaderJson: 
    keyServerURLOverride: 
    keyServerAuthToken: 
    base64EncodedKeyBlob: 
    useYpCbCr420Textures: 1
    resumePlaybackOnAudioSessionRouteChange: 0
  _optionsTVOS:
    overridePath: 0
    pathLocation: 2
    path: 
    audioMode: 0
    httpHeaders: []
    httpHeaderJson: 
    keyServerURLOverride: 
    keyServerAuthToken: 
    base64EncodedKeyBlob: 
    useYpCbCr420Textures: 1
    resumePlaybackOnAudioSessionRouteChange: 0
  _optionsAndroid:
    overridePath: 0
    pathLocation: 2
    path: 
    videoApi: 1
    useFastOesPath: 0
    showPosterFrame: 0
    enableAudio360: 0
    audio360ChannelMode: 0
    preferSoftwareDecoder: 0
    httpHeaders: []
    httpHeaderJson: 
    fileOffset: 0
  _optionsWindowsPhone:
    overridePath: 0
    pathLocation: 2
    path: 
    useHardwareDecoding: 1
    useUnityAudio: 0
    forceAudioResample: 1
    useTextureMips: 0
  _optionsWindowsUWP:
    overridePath: 0
    pathLocation: 2
    path: 
    useHardwareDecoding: 1
    useUnityAudio: 0
    forceAudioResample: 1
    useTextureMips: 0
  _optionsWebGL:
    overridePath: 0
    pathLocation: 2
    path: 
    externalLibrary: 0
    useTextureMips: 0
  _optionsPS4:
    overridePath: 0
    pathLocation: 2
    path: 
--- !u!1 &1158474986380056
GameObject:
  m_ObjectHideFlags: 0
  m_CorrespondingSourceObject: {fileID: 0}
  m_PrefabInstance: {fileID: 0}
  m_PrefabAsset: {fileID: 0}
  serializedVersion: 6
  m_Component:
  - component: {fileID: 4496062500510166}
  - component: {fileID: 33533880906513350}
  - component: {fileID: 23561777414540694}
  - component: {fileID: 114521621163459126}
  - component: {fileID: 114396616242692172}
  - component: {fileID: 135323757692212064}
  m_Layer: 12
  m_Name: Sphere
  m_TagString: Untagged
  m_Icon: {fileID: 0}
  m_NavMeshLayer: 0
  m_StaticEditorFlags: 0
  m_IsActive: 1
--- !u!4 &4496062500510166
Transform:
  m_ObjectHideFlags: 0
  m_CorrespondingSourceObject: {fileID: 0}
  m_PrefabInstance: {fileID: 0}
  m_PrefabAsset: {fileID: 0}
  m_GameObject: {fileID: 1158474986380056}
  m_LocalRotation: {x: 0, y: 0, z: 0, w: 1}
  m_LocalPosition: {x: 0, y: 0, z: 0}
  m_LocalScale: {x: 5, y: 5, z: 5}
  m_Children: []
  m_Father: {fileID: 4279455513129378}
  m_RootOrder: 0
  m_LocalEulerAnglesHint: {x: 0, y: 0, z: 0}
--- !u!33 &33533880906513350
MeshFilter:
  m_ObjectHideFlags: 0
  m_CorrespondingSourceObject: {fileID: 0}
  m_PrefabInstance: {fileID: 0}
  m_PrefabAsset: {fileID: 0}
  m_GameObject: {fileID: 1158474986380056}
  m_Mesh: {fileID: 4300000, guid: c8b055314efcb4b4dbd29f97a847fc4c, type: 2}
--- !u!23 &23561777414540694
MeshRenderer:
  m_ObjectHideFlags: 0
  m_CorrespondingSourceObject: {fileID: 0}
  m_PrefabInstance: {fileID: 0}
  m_PrefabAsset: {fileID: 0}
  m_GameObject: {fileID: 1158474986380056}
  m_Enabled: 1
  m_CastShadows: 0
  m_ReceiveShadows: 0
  m_DynamicOccludee: 1
  m_MotionVectors: 1
  m_LightProbeUsage: 0
  m_ReflectionProbeUsage: 1
  m_RayTracingMode: 2
  m_RenderingLayerMask: 1
  m_RendererPriority: 0
  m_Materials:
  - {fileID: 2100000, guid: d2b89c669c6fcb04da4e5a472b0dcff1, type: 2}
  m_StaticBatchInfo:
    firstSubMesh: 0
    subMeshCount: 0
  m_StaticBatchRoot: {fileID: 0}
  m_ProbeAnchor: {fileID: 0}
  m_LightProbeVolumeOverride: {fileID: 0}
  m_ScaleInLightmap: 1
  m_ReceiveGI: 1
  m_PreserveUVs: 0
  m_IgnoreNormalsForChartDetection: 0
  m_ImportantGI: 0
  m_StitchLightmapSeams: 0
  m_SelectedEditorRenderState: 3
  m_MinimumChartSize: 4
  m_AutoUVMaxDistance: 0.5
  m_AutoUVMaxAngle: 89
  m_LightmapParameters: {fileID: 0}
  m_SortingLayerID: 0
  m_SortingLayer: 0
  m_SortingOrder: 0
--- !u!114 &114521621163459126
MonoBehaviour:
  m_ObjectHideFlags: 0
  m_CorrespondingSourceObject: {fileID: 0}
  m_PrefabInstance: {fileID: 0}
  m_PrefabAsset: {fileID: 0}
  m_GameObject: {fileID: 1158474986380056}
  m_Enabled: 1
  m_EditorHideFlags: 0
  m_Script: {fileID: 11500000, guid: 4ed685e8c5f1f584aa28b32dcf9bdab1, type: 3}
  m_Name: 
  m_EditorClassIdentifier: 
  _camera: {fileID: 0}
  _renderer: {fileID: 23561777414540694}
  _uGuiComponent: {fileID: 0}
  _material: {fileID: 0}
  _forceEyeMode: 0
--- !u!114 &114396616242692172
MonoBehaviour:
  m_ObjectHideFlags: 0
  m_CorrespondingSourceObject: {fileID: 0}
  m_PrefabInstance: {fileID: 0}
  m_PrefabAsset: {fileID: 0}
  m_GameObject: {fileID: 1158474986380056}
  m_Enabled: 1
  m_EditorHideFlags: 0
  m_Script: {fileID: 11500000, guid: f6d1977a52888584496b1acc7e998011, type: 3}
  m_Name: 
  m_EditorClassIdentifier: 
  _media: {fileID: 114196373001028330}
  _defaultTexture: {fileID: 0}
  _mesh: {fileID: 23561777414540694}
  _texturePropertyName: _MainTex
  _offset: {x: 0, y: 0}
  _scale: {x: 1, y: 1}
--- !u!135 &135323757692212064
SphereCollider:
  m_ObjectHideFlags: 0
  m_CorrespondingSourceObject: {fileID: 0}
  m_PrefabInstance: {fileID: 0}
  m_PrefabAsset: {fileID: 0}
  m_GameObject: {fileID: 1158474986380056}
  m_Material: {fileID: 0}
  m_IsTrigger: 0
  m_Enabled: 1
  serializedVersion: 2
  m_Radius: 1
  m_Center: {x: 0, y: 0, z: 0}
--- !u!1 &1995801675937592
GameObject:
  m_ObjectHideFlags: 0
  m_CorrespondingSourceObject: {fileID: 0}
  m_PrefabInstance: {fileID: 0}
  m_PrefabAsset: {fileID: 0}
  serializedVersion: 6
  m_Component:
  - component: {fileID: 4279455513129378}
  - component: {fileID: 114065206660360462}
  m_Layer: 12
  m_Name: PanoramaVideoPlayer
  m_TagString: Untagged
  m_Icon: {fileID: 0}
  m_NavMeshLayer: 0
  m_StaticEditorFlags: 0
  m_IsActive: 1
--- !u!4 &4279455513129378
Transform:
  m_ObjectHideFlags: 0
  m_CorrespondingSourceObject: {fileID: 0}
  m_PrefabInstance: {fileID: 0}
  m_PrefabAsset: {fileID: 0}
  m_GameObject: {fileID: 1995801675937592}
  m_LocalRotation: {x: 0, y: 1, z: 0, w: 0}
  m_LocalPosition: {x: 0, y: 0, z: 0}
  m_LocalScale: {x: 1, y: 1, z: 1}
  m_Children:
  - {fileID: 4496062500510166}
  - {fileID: 4316939542135568}
  m_Father: {fileID: 0}
  m_RootOrder: 0
  m_LocalEulerAnglesHint: {x: 0, y: 180, z: 0}
--- !u!114 &114065206660360462
MonoBehaviour:
  m_ObjectHideFlags: 0
  m_CorrespondingSourceObject: {fileID: 0}
  m_PrefabInstance: {fileID: 0}
  m_PrefabAsset: {fileID: 0}
  m_GameObject: {fileID: 1995801675937592}
  m_Enabled: 1
  m_EditorHideFlags: 0
  m_Script: {fileID: 11500000, guid: 40192594c3bab9643a2a2564700f5be8, type: 3}
  m_Name: 
  m_EditorClassIdentifier: 
  mediaPlayer: {fileID: 114196373001028330}
